@article{gweon2014sins,
  title={Sins of omission: Children selectively explore when teachers are under-informative},
  author={Gweon, Hyowon and Pelton, Hannah and Konopka, Jaclyn A and Schulz, Laura E},
  journal={Cognition},
  volume={132},
  number={3},
  pages={335--341},
  year={2014},
  publisher={Elsevier}
}

@article{koenig2004trust,
  title={Trust in testimony: Children's use of true and false statements},
  author={Koenig, Melissa A and Cl{\'e}ment, Fabrice and Harris, Paul L},
  journal={Psychological Science},
  volume={15},
  number={10},
  pages={694--698},
  year={2004},
  publisher={SAGE Publications Sage CA: Los Angeles, CA}
}

@article{harris2011young,
  title={Young children's selective trust in informants},
  author={Harris, Paul L and Corriveau, Kathleen H},
  journal={Philosophical Transactions of the Royal Society of London B: Biological Sciences},
  volume={366},
  number={1567},
  pages={1179--1187},
  year={2011},
  publisher={The Royal Society}
}

@article{jaswal2010young,
  title={Young children have a specific, highly robust bias to trust testimony},
  author={Jaswal, Vikram K and Croft, A Carrington and Setia, Alison R and Cole, Caitlin A},
  journal={Psychological Science},
  volume={21},
  number={10},
  pages={1541--1547},
  year={2010},
  publisher={Sage Publications Sage CA: Los Angeles, CA}
}

@article{vanderbilt2014absence,
  title={In the absence of conflicting testimony young children trust inaccurate informants},
  author={Vanderbilt, Kimberly E and Heyman, Gail D and Liu, David},
  journal={Developmental Science},
  volume={17},
  number={3},
  pages={443--451},
  year={2014},
  publisher={Wiley Online Library}
}

@article{landrum2013children,
  title={When do children trust the expert? Benevolence information influences children's trust more than expertise},
  author={Landrum, Asheley R and Mills, Candice M and Johnston, Angie M},
  journal={Developmental Science},
  volume={16},
  number={4},
  pages={622--638},
  year={2013},
  publisher={Wiley Online Library}
}

@article{ronfard2017preschoolers,
  title={Preschoolers continually adjust their epistemic trust based on an informant's ongoing accuracy},
  author={Ronfard, Samuel and Lane, Jonathan D},
  journal={Child development},
  year={2017},
  publisher={Wiley Online Library}
}

@article{birch2008three,
  title={Three-and four-year-olds spontaneously use others’ past performance to guide their learning},
  author={Birch, Susan AJ and Vauthier, Sophie A and Bloom, Paul},
  journal={Cognition},
  volume={107},
  number={3},
  pages={1018--1034},
  year={2008},
  publisher={Elsevier}
}

@article{boseovski2012trust,
  title={Trust in testimony about strangers: Young children prefer reliable informants who make positive attributions},
  author={Boseovski, Janet J},
  journal={Journal of Experimental Child Psychology},
  volume={111},
  number={3},
  pages={543--551},
  year={2012},
  publisher={Elsevier}
}

@inproceedings{gweon2014children,
  title={Children consider prior knowledge and the cost of information both in learning from and teaching others},
  author={Gweon, Hyowon and Shafto, Patrick and Schulz, Laura},
  booktitle={Proceedings of the Cognitive Science Society},
  volume={36},
  number={36},
  year={2014}
}

@article{johnston2015children,
  title={How do children weigh competence and benevolence when deciding whom to trust?},
  author={Johnston, Angie M and Mills, Candice M and Landrum, Ashley R},
  journal={Cognition},
  volume={144},
  pages={76--90},
  year={2015},
  publisher={Elsevier}
}

@article{boseovski2017role,
  title={Role of expertise, consensus, and informational valence in children's performance judgments},
  author={Boseovski, Janet J and Marble, Kimberly E and Hughes, Chelsea},
  journal={Social Development},
  volume={26},
  number={3},
  pages={445--465},
  year={2017},
  publisher={Wiley Online Library}
}

@article{gweon2017order,
  title={Order Matters: Children's Evaluation of Underinformative Teachers Depends on Context},
  author={Gweon, Hyowon and Asaba, Mika},
  journal={Child Development},
  year={2017},
  publisher={Wiley Online Library}
}

@article{pasquini2007preschoolers,
  title={Preschoolers monitor the relative accuracy of informants.},
  author={Pasquini, Elisabeth S and Corriveau, Kathleen H and Koenig, Melissa and Harris, Paul L},
  journal={Developmental psychology},
  volume={43},
  number={5},
  pages={1216},
  year={2007},
  publisher={American Psychological Association}
}


@article{bascandziev2014beauty,
  title={In beauty we trust: Children prefer information from more attractive informants},
  author={Bascandziev, Igor and Harris, Paul L},
  journal={British Journal of Developmental Psychology},
  volume={32},
  number={1},
  pages={94--99},
  year={2014},
  publisher={Wiley Online Library}
}

@article{lane2013informants,
  title={Informants' traits weigh heavily in young children's trust in testimony and in their epistemic inferences},
  author={Lane, Jonathan D and Wellman, Henry M and Gelman, Susan A},
  journal={Child Development},
  volume={84},
  number={4},
  pages={1253--1268},
  year={2013},
  publisher={Wiley Online Library}
}

@article{landrum2016inducing,
  title={Inducing Knowledgeability From Niceness: Children Use Social Features for Making Epistemic Inferences},
  author={Landrum, Asheley R and Pflaum, Amelia D and Mills, Candice M},
  journal={Journal of Cognition and Development},
  volume={17},
  number={5},
  pages={699--717},
  year={2016},
  publisher={Taylor \& Francis}
}

@inproceedings{yoon2016talking,
  title={Talking with tact: Polite language as a balance between kindness and informativity},
  author={Yoon, Erica J and Tessler, Michael Henry and Goodman, Noah D and Frank, Michael C},
  booktitle={Proceedings of the 38th Annual Conference of the Cognitive Science Society},
  year={2016},
  organization={Cognitive Science Society}
}

@article{schneider1998performance,
  title={Performance prediction in young children: Effects of skill, metacognition and wishful thinking},
  author={Schneider, Wolfgang},
  journal={Developmental Science},
  volume={1},
  number={2},
  pages={291--297},
  year={1998},
  publisher={Wiley Online Library}
}

@article{hembacher2014don,
  title={Don’t look at my answer: Subjective uncertainty underlies preschoolers’ exclusion of their least accurate memories},
  author={Hembacher, Emily and Ghetti, Simona},
  journal={Psychological Science},
  volume={25},
  number={9},
  pages={1768--1776},
  year={2014},
  publisher={Sage Publications Sage CA: Los Angeles, CA}
}

@article{kanouse1981semantics,
  title={The semantics of praise},
  author={Kanouse, David E and Gumpert, Peter and Canavan-Gumpert, Donnah},
  journal={New directions in attribution research},
  volume={3},
  pages={97--115},
  year={1981}
}

@article{henderlong2002effects,
  title={The effects of praise on children's intrinsic motivation: a review and synthesis.},
  author={Henderlong, Jennifer and Lepper, Mark R},
  journal={Psychological bulletin},
  volume={128},
  number={5},
  pages={774},
  year={2002},
  publisher={American Psychological Association}
}

@article{brummelman2014s,
  title={“That’s Not Just Beautiful—That’s Incredibly Beautiful!” The Adverse Impact of Inflated Praise on Children With Low Self-Esteem},
  author={Brummelman, Eddie and Thomaes, Sander and Orobio de Castro, Bram and Overbeek, Geertjan and Bushman, Brad J},
  journal={Psychological science},
  volume={25},
  number={3},
  pages={728--735},
  year={2014},
  publisher={Sage Publications Sage CA: Los Angeles, CA}
}

@article{mueller1998praise,
  title={Praise for intelligence can undermine children's motivation and performance.},
  author={Mueller, Claudia M and Dweck, Carol S},
  journal={Journal of personality and social psychology},
  volume={75},
  number={1},
  pages={33},
  year={1998},
  publisher={American Psychological Association}
}

@article{skordos2016children,
  title={Children’s derivation of scalar implicatures: Alternatives and relevance},
  author={Skordos, Dimitrios and Papafragou, Anna},
  journal={Cognition},
  volume={153},
  pages={6--18},
  year={2016},
  publisher={Elsevier}
}

@article{barner2011accessing,
  title={Accessing the unsaid: The role of scalar alternatives in children’s pragmatic inference},
  author={Barner, David and Brooks, Neon and Bale, Alan},
  journal={Cognition},
  volume={118},
  number={1},
  pages={84--93},
  year={2011},
  publisher={Elsevier}
}

@article{leonard2017infants,
  title={Infants make more attempts to achieve a goal when they see adults persist},
  author={Leonard, Julia A and Lee, Yuna and Schulz, Laura E},
  journal={Science},
  volume={357},
  number={6357},
  pages={1290--1294},
  year={2017},
  publisher={American Association for the Advancement of Science}
}

@inproceedings{magid2015quit,
  title={Quit while you're ahead: Preschoolers' persistence and willingness to accept challenges are affected by social comparison.},
  author={Magid, Rachel and Schulz, Laura},
  booktitle={CogSci},
  year={2015}
}

@article{hamlin2007social,
  title={Social evaluation by preverbal infants},
  author={Hamlin, J Kiley and Wynn, Karen and Bloom, Paul},
  journal={Nature},
  volume={450},
  number={7169},
  pages={557--559},
  year={2007},
  publisher={Nature Publishing Group}
}